<?xml version='1.0' encoding='utf-8'?>
<record xmlns="http://www.loc.gov/MARC21/slim" xmlns:xsi="http://www.w3.org/2001/XMLSchema-instance">
  <leader>00000cjm^a2200733Ia^4500</leader>
  <controlfield tag="001">004919435</controlfield>
  <controlfield tag="005">20050308090744.0</controlfield>
  <controlfield tag="007">sd^fsngnn^^^ed</controlfield>
  <controlfield tag="008">041109s2004^^^^xx^zzn^^^defhi^^^^^^eng^d</controlfield>
  <datafield tag="024" ind1="1" ind2=" ">
    <subfield code="a">636943921623</subfield>
  </datafield>
  <datafield tag="028" ind1="0" ind2="2">
    <subfield code="a">8.559216-18</subfield>
    <subfield code="b">Naxos</subfield>
  </datafield>
  <datafield tag="028" ind1="0" ind2="0">
    <subfield code="a">8.559216--8.559218</subfield>
    <subfield code="b">Naxos</subfield>
  </datafield>
  <datafield tag="035" ind1=" " ind2=" ">
    <subfield code="a">(MiU)nx-stream 004919435</subfield>
  </datafield>
  <datafield tag="035" ind1=" " ind2=" ">
    <subfield code="a">(OCoLC)ocm56935901</subfield>
  </datafield>
  <datafield tag="040" ind1=" " ind2=" ">
    <subfield code="a">PX0</subfield>
    <subfield code="c">PX0</subfield>
    <subfield code="d">CIN</subfield>
    <subfield code="d">BEU</subfield>
    <subfield code="d">MiU</subfield>
  </datafield>
  <datafield tag="041" ind1="0" ind2=" ">
    <subfield code="d">eng</subfield>
    <subfield code="e">eng</subfield>
    <subfield code="g">eng</subfield>
  </datafield>
  <datafield tag="049" ind1=" " ind2=" ">
    <subfield code="a">BEUA</subfield>
  </datafield>
  <datafield tag="099" ind1=" " ind2=" ">
    <subfield code="a">04129</subfield>
    <subfield code="a">Aa</subfield>
    <subfield code="a">2</subfield>
  </datafield>
  <datafield tag="100" ind1="1" ind2=" ">
    <subfield code="a">Bolcom, William.</subfield>
  </datafield>
  <datafield tag="245" ind1="1" ind2="0">
    <subfield code="a">Songs of innocence and experience</subfield>
    <subfield code="h">[sound recording] /</subfield>
    <subfield code="c">William Bolcom.</subfield>
  </datafield>
  <datafield tag="260" ind1=" " ind2=" ">
    <subfield code="a">[S.l.] :</subfield>
    <subfield code="b">Naxos,</subfield>
    <subfield code="c">p2004.</subfield>
  </datafield>
  <datafield tag="300" ind1=" " ind2=" ">
    <subfield code="a">3 sound discs (2 hr., 17 min.) :</subfield>
    <subfield code="b">digital ;</subfield>
    <subfield code="c">4 3/4 in.</subfield>
  </datafield>
  <datafield tag="306" ind1=" " ind2=" ">
    <subfield code="a">021711</subfield>
  </datafield>
  <datafield tag="500" ind1=" " ind2=" ">
    <subfield code="a">"A musical illumination of the poems of William Blake"--Insert.</subfield>
  </datafield>
  <datafield tag="500" ind1=" " ind2=" ">
    <subfield code="a">Compact discs.</subfield>
  </datafield>
  <datafield tag="500" ind1=" " ind2=" ">
    <subfield code="a">Program notes and texts in English in container.</subfield>
  </datafield>
  <datafield tag="505" ind1="0" ind2=" ">
    <subfield code="a">CD 1. Songs of innocence. Part I. Introduction ; The ecchoing green ; The lamb -- The shepherd ; Infant joy ; The little black boy -- Part II. Laughing song ; Spring ; A cradle song ; Nurse's song ; Holy Thursday ; The blossom ; Interlude ; The chimney sweeper ; The divine image -- Part III. Nocturne ; Night ; A dream ; On another's sorrow ; The little boy lost ; The little boy found ; Coda.</subfield>
  </datafield>
  <datafield tag="505" ind1="0" ind2=" ">
    <subfield code="a">CD 2. Songs of experience, volume I, part I. Introduction ; Hear the voice of the bard ; Interlude ; Earth's answer -- Part II. Nurse's song ; The fly ; The tyger ; The little girl lost ; In the southern clime ; The little girl found -- Part III. The clod and the pebble ; The little vagabond ; Holy Thursday ; A poison tree ; The angel ; The sick rose ; To Tirzah.</subfield>
  </datafield>
  <datafield tag="505" ind1="0" ind2=" ">
    <subfield code="a">CD 3. Songs of experience, volume 2, part IV. The voice of the ancient bard ; My pretty rose tree ; Ah! Sun-flower ; The Lilly -- Part V. Introduction to part V ; The garden of love ; A little boy lost ; A little girl lost ; Infant sorrow ; Vocalise -- Part VI. London ; The school-boy ; The chimney sweeper ; The human abstract -- Interlude: voces clamandae ; A divine image.</subfield>
  </datafield>
  <datafield tag="511" ind1="0" ind2=" ">
    <subfield code="a">Christine Brewer, Measha Brueggergosman, Ilana Davidson, Linda Hohenfeld, Carmen Pelton, sopranos ; Joan Morris, mezzo-sopranos ; Marietta Simpson, contralto ; Thomas Young, tenor ; Nmon Ford, baritone ; Nathan Lee Graham, speaker/vocals ; Tommy Morgan, harmonica ; Peter "Madcat" Ruth, harmonica and vocals ; Jeremy Kittel, fiddle ; University Musical Society ; University of Michigan School of Music Symphony Orchestra ; Leonard Slatkin, conductor.</subfield>
  </datafield>
  <datafield tag="518" ind1=" " ind2=" ">
    <subfield code="a">Recorded Apr. 9-10, 2004, Hill Audtiorium, University of Michigan.</subfield>
  </datafield>
  <datafield tag="530" ind1=" " ind2=" ">
    <subfield code="a">Also available online (streaming audio via Naxos Music Library).</subfield>
  </datafield>
  <datafield tag="546" ind1=" " ind2=" ">
    <subfield code="a">Sung in English.</subfield>
  </datafield>
  <datafield tag="600" ind1="1" ind2="0">
    <subfield code="a">Blake, William,</subfield>
    <subfield code="d">1757-1827</subfield>
    <subfield code="v">Musical settings.</subfield>
  </datafield>
  <datafield tag="650" ind1=" " ind2="0">
    <subfield code="a">Choruses, Secular (Mixed voices) with orchestra.</subfield>
  </datafield>
  <datafield tag="700" ind1="1" ind2=" ">
    <subfield code="a">Blake, William,</subfield>
    <subfield code="d">1757-1827</subfield>
  </datafield>
  <datafield tag="700" ind1="1" ind2=" ">
    <subfield code="a">Brewer, Christine,</subfield>
    <subfield code="d">1960-</subfield>
    <subfield code="4">prf</subfield>
  </datafield>
  <datafield tag="700" ind1="1" ind2=" ">
    <subfield code="a">Brueggergosman, Measha</subfield>
    <subfield code="4">prf</subfield>
  </datafield>
  <datafield tag="700" ind1="1" ind2=" ">
    <subfield code="a">Davidson, Ilana.</subfield>
    <subfield code="4">prf</subfield>
  </datafield>
  <datafield tag="700" ind1="1" ind2=" ">
    <subfield code="a">Hohenfeld, Linda.</subfield>
    <subfield code="4">prf</subfield>
  </datafield>
  <datafield tag="700" ind1="1" ind2=" ">
    <subfield code="a">Pelton, Carmen.</subfield>
    <subfield code="4">prf</subfield>
  </datafield>
  <datafield tag="700" ind1="1" ind2=" ">
    <subfield code="a">Morris, Joan,</subfield>
    <subfield code="d">1943-</subfield>
    <subfield code="4">prf</subfield>
  </datafield>
  <datafield tag="700" ind1="1" ind2=" ">
    <subfield code="a">Simpson, Marietta.</subfield>
    <subfield code="4">prf</subfield>
  </datafield>
  <datafield tag="700" ind1="1" ind2=" ">
    <subfield code="a">Young, Thomas,</subfield>
    <subfield code="d">1962-</subfield>
    <subfield code="4">prf</subfield>
  </datafield>
  <datafield tag="700" ind1="1" ind2=" ">
    <subfield code="a">Ford, Nmon.</subfield>
    <subfield code="4">prf</subfield>
  </datafield>
  <datafield tag="700" ind1="1" ind2=" ">
    <subfield code="a">Graham, Nathan Lee.</subfield>
    <subfield code="4">prf</subfield>
  </datafield>
  <datafield tag="700" ind1="1" ind2=" ">
    <subfield code="a">Morgan, Tommy,</subfield>
    <subfield code="d">1932-</subfield>
    <subfield code="4">prf</subfield>
  </datafield>
  <datafield tag="700" ind1="1" ind2=" ">
    <subfield code="a">Ruth, Madcat.</subfield>
    <subfield code="4">prf</subfield>
  </datafield>
  <datafield tag="700" ind1="1" ind2=" ">
    <subfield code="a">Kittel, Jeremy Allan.</subfield>
    <subfield code="4">prf</subfield>
  </datafield>
  <datafield tag="700" ind1="1" ind2=" ">
    <subfield code="a">Slatkin, Leonard.</subfield>
    <subfield code="4">cnd</subfield>
  </datafield>
  <datafield tag="710" ind1="2" ind2=" ">
    <subfield code="a">University of Michigan.</subfield>
    <subfield code="b">University Musical Society.</subfield>
    <subfield code="4">prf</subfield>
  </datafield>
  <datafield tag="710" ind1="2" ind2=" ">
    <subfield code="a">University of Michigan.</subfield>
    <subfield code="b">Symphony Orchestra.</subfield>
    <subfield code="4">prf</subfield>
  </datafield>
  <datafield tag="856" ind1="4" ind2="1">
    <subfield code="q">Streaming audio (music)</subfield>
    <subfield code="z">Access restricted (via Naxos Music Library) ; authentication may be required:</subfield>
    <subfield code="u">http://umich.naxosmusiclibrary.com/streamcat.asp?s=15895%2fumich03&amp;item%5Fcode=8.559216-18</subfield>
  </datafield>
  <datafield tag="852" ind1="8" ind2=" ">
    <subfield code="a">MiU-H</subfield>
    <subfield code="b">BENT</subfield>
    <subfield code="h">04129 Aa 2</subfield>
  </datafield>
  <datafield tag="997" ind1=" " ind2=" ">
    <subfield code="a">MARS</subfield>
  </datafield>
  <datafield tag="998" ind1=" " ind2=" ">
    <subfield code="c">LAC</subfield>
  </datafield>
  <datafield tag="998" ind1=" " ind2=" ">
    <subfield code="c">DLD/js 2007-11-28 ; 2nd copy for streaming audio</subfield>
  </datafield>
  <datafield tag="955" ind1=" " ind2=" ">
    <subfield code="b">BENT</subfield>
    <subfield code="p">B2200650</subfield>
  </datafield>
</record>
